%
%  An example of a bibliographical database for bibTeX
%
%  Recommended software for maintenance of *.bib files:
%    JabRef, http://jabref.sourceforge.net/
%
%  BEWARE:
%
%    *  If a name contains a capital letter, which must be kept such,
%       use curly brackets ({T}hailand, {HIV}).
%
%  ===========================================================================

@book{Andel07,
  title     = {Základy matematické statistiky},
  publisher = {Matfyzpress},
  year      = {2007},
  author    = {Anděl, J.},
  address   = {Praha},
  series    = {Druhé opravené vydání},
  isbn      = {80-7378-001-1}
}

@book{Andel98,
  title     = {Statistické metody},
  publisher = {Matfyzpress},
  year      = {1998},
  author    = {Anděl, J.},
  address   = {Praha},
  series    = {Druhé přepracované vydání},
  isbn      = {80-85863-27-8}
}

@article{Cox72,
  author  = {Cox, D. R.},
  title   = {Regression models and life-tables (with {D}iscussion)},
  journal = {Journal of the Royal Statistical Society, Series B},
  year    = {1972},
  volume  = {34},
  pages   = {187--220},
  number  = {2}
}

@article{DempsterLairdRubin77,
  author  = {Dempster, A. P. and Laird, N. M. and Rubin, D. B.},
  title   = {Maximum likelihood from incomplete data via the {EM} algorithm},
  journal = {Journal of the Royal Statistical Society, Series B},
  year    = {1977},
  volume  = {39},
  pages   = {1--38},
  number  = {1}
}

@article{Genberget08,
  author  = {Genberg, B. L. and Kulich, M. and Kawichai, S. and Modiba, P. and
             Chingono, A. and Kilonzo, G. P. and Richter, L. and Pettifor, A.
             and Sweat, M. and Celentano, D. D.},
  title   = {{HIV} risk behaviors in Sub-{S}aharan {A}frica and {N}orthern {T}hailand:
             {B}aseline behavioral data from project {A}ccept},
  journal = {Journal of Acquired Immune Deficiency Syndrome},
  year    = {2008},
  volume  = {49},
  pages   = {309--319}
}

@article{KaplanMeier58,
  author  = {Kaplan, E. L. and Meier, P.},
  title   = {Nonparametric estimation from incomplete observations},
  journal = {Journal of the American Statistical Association},
  year    = {1958},
  volume  = {53},
  pages   = {457--481},
  number  = {282}
}

@book{LehmannCasella98,
  title     = {Theory of Point Estimation},
  publisher = {Springer-Verlag},
  year      = {1998},
  author    = {Lehmann, E. L. and Casella, G.},
  address   = {New York},
  series    = {{S}econd {E}dition},
  isbn      = {0-387-98502-6}
}

@article{Student08,
  author  = {Student},
  title   = {On the probable error of the mean},
  journal = {Biometrika},
  year    = {1908},
  volume  = {6},
  pages   = {1-25}
}

@misc{HTML5Standard,
  author       = {{WHATWG}},
  url          = {https://html.spec.whatwg.org/},
  title        = {{HTML Living Standard}},
  year         = {26 December 2022},
  howpublished = {on-line},
  note         = {Accessed: 2022-12-27}
}

@misc{CSS3Standard,
  author       = {{W3C}},
  url          = {https://www.w3.org/Style/CSS/specs.en.html},
  title        = {{CSS Specifications}},
  year         = {31 December 2022},
  howpublished = {on-line},
  note         = {Accessed: 2022-12-27}
}

@misc{PHP74Standard,
  author       = {{The PHP Group}},
  url          = {https://www.php.net/releases/7_4_0.php},
  title        = {{PHP 7.4 Specification}},
  year         = {28 November 2019},
  howpublished = {on-line},
  note         = {Accessed: 2022-12-27}
}
@misc{key,
  author       = {ecma INTERNATIONAL},
  url          = {https://www.ecma-international.org/publications-and-standards/standards/ecma-262/},
  title        = {{ECMA-262 ECMAScript® 2022 language specification}},
  year         = {June 2022},
  howpublished = {on-line},
  note         = {Accessed: 2023-01-03}
}
@misc{MySQLDocu,
  author       = {{Oracle}},
  url          = {https://dev.mysql.com/doc/},
  title        = {{MySQL Documentation}},
  year         = {2023},
  howpublished = {on-line},
  note         = {Accessed: 2022-12-27}
}

@misc{DockerDocu,
  author       = {Docker, Inc},
  url          = {https://docs.docker.com/desktop/},
  title        = {{Docker Documentation}},
  year         = {2023},
  howpublished = {on-line},
  note         = {Accessed: 2022-12-27}
}
@misc{K8sDocu,
  author       = {{The Kubernetes Authors}},
  url          = {https://kubernetes.io/docs/home/},
  title        = {{Kubernetes Documentation}},
  year         = {2023},
  howpublished = {on-line},
  note         = {Accessed: 2023-01-03}
}